<record><leader>00000cas a22000007a 4500</leader><controlfield tag="001">11051873</controlfield><controlfield tag="008">840814d186u1942iauwr ne      0    0dut d</controlfield><datafield ind1=" " ind2=" " tag="010"><subfield code="a">sn 84027374 </subfield></datafield><datafield ind1=" " ind2=" " tag="040"><subfield code="a">NPU</subfield><subfield code="b">eng</subfield><subfield code="c">NPU</subfield><subfield code="d">NPX</subfield><subfield code="d">INP</subfield><subfield code="d">OCLCQ</subfield></datafield><datafield ind1=" " ind2=" " tag="042"><subfield code="a">msc</subfield></datafield><datafield ind1="0" ind2="0" tag="245"><subfield code="a">Pella's weekblad.</subfield></datafield><datafield ind1=" " ind2=" " tag="260"><subfield code="a">Pella, Iowa :</subfield><subfield code="b">H. Neyenesch,</subfield><subfield code="c">-1942.</subfield></datafield><datafield ind1=" " ind2=" " tag="300"><subfield code="a">v. ;</subfield><subfield code="c">67 cm.</subfield></datafield><datafield ind1=" " ind2=" " tag="310"><subfield code="a">Weekly</subfield></datafield><datafield ind1="0" ind2=" " tag="362"><subfield code="a">-jaarg. 25, nommer 53 (31 dec. 1942).</subfield></datafield><datafield ind1=" " ind2=" " tag="500"><subfield code="a">Publisher varies.</subfield></datafield><datafield ind1=" " ind2=" " tag="500"><subfield code="a">Editor: H. Neyenesch, &lt;1876&gt;.</subfield></datafield><datafield ind1=" " ind2=" " tag="500"><subfield code="a">Conflicting beginning date of 1861 recorded in bibliography of Iowa newspapers; of 1860 in Gregory, W. Amer. newspapers.</subfield></datafield><datafield ind1=" " ind2=" " tag="546"><subfield code="a">In Dutch.</subfield></datafield><datafield ind1=" " ind2=" " tag="588"><subfield code="a">Description based on: Vol. 12, no. 7 (15 feb. 1873).</subfield></datafield><datafield ind1=" " ind2=" " tag="752"><subfield code="a">United States</subfield><subfield code="b">Iowa</subfield><subfield code="c">Marion</subfield><subfield code="d">Pella.</subfield></datafield></record>